

@article{chang_bergman_castelli_li_lo_smith_2000, 
title={The onion technique}, 
volume={29}, 
DOI={10.1145/335191.335433}, 
number={2}, 
journal={ACM SIGMOD Record}, 
author={Chang, Yuan-Chi and Bergman, Lawrence and Castelli, Vittorio and Li, Chung-Sheng and Lo, Ming-Ling and Smith, John R.}, 
year={2000}, 
month={Jan}, 
pages={391–402}
} 
@article{hristidis_papakonstantinou_2004, 
title={Algorithms and applications for answering ranked queries using ranked views}, 
volume={13},
 DOI={10.1007/s00778-003-0099-8}, 
 number={1}, 
 journal={The VLDB Journal The International Journal on Very Large Data Bases}, 
 author={Hristidis, Vagelis and Papakonstantinou, Yannis}, 
 year={2004}, 
 month={Jan}, 
 pages={49–70}
 }


 @article{vlachou_doulkeridis_xx, 
 title={Branch-and-bound algorithm for reverse top-k queries},
  DOI={10.1145/2463676.2465278}, 
  journal={Proceedings of the 2013 international conference on Management of data - SIGMOD 13}, 
  author={Vlachou, Akrivi and Doulkeridis, Christos and Nørvåg, Kjetil and Kotidis, Yannis}, 
  year={2013}
  }

  @article{ilyas_beskales_soliman_2008, 
  title={A survey of top- k query processing techniques in relational database systems}, 
  volume={40}, 
  DOI={10.1145/1391729.1391730}, 
  number={4}, 
  journal={ACM Computing Surveys}, 
  author={Ilyas, Ihab F. and Beskales, George and Soliman, Mohamed A.}, 
  year={2008}, 
  pages={1–58}
  }

@article{zou_chen_2008, 
title={Dominant Graph: An Efficient Indexing Structure to Answer Top-K Queries}, 
DOI={10.1109/icde.2008.4497462}, 
journal={2008 IEEE 24th International Conference on Data Engineering}, 
author={Zou, Lei and Chen, Lei}, 
year={2008}
}

@article{borzsony_kossmann_stocker, 
title={The Skyline operator}, 
DOI={10.1109/icde.2001.914855}, 
journal={Proceedings 17th International Conference on Data Engineering}, 
author={Borzsony, S. and Kossmann, D. and Stocker, K.}
}

@article{fagin_lotem_naor_2003, 
title={Optimal aggregation algorithms for middleware}, 
volume={66}, 
DOI={10.1016/s0022-0000(03)00026-6}, 
number={4}, 
journal={Journal of Computer and System Sciences}, 
author={Fagin, Ronald and Lotem, Amnon and Naor, Moni},
 year={2003}, 
 pages={614–656}
 }

@article{kossmann_ramsak_rost_2002, 
title={Shooting Stars in the Sky}, 
DOI={10.1016/b978-155860869-6/50032-9}, 
journal={VLDB 02: Proceedings of the 28th International Conference on Very Large Databases}, 
author={Kossmann, Donald and Ramsak, Frank and Rost, Steffen}, 
year={2002}, 
pages={275–286}
}

@article{papadias_tao_fu_seeger_2005, 
title={Progressive skyline computation in database systems}, 
volume={30}, 
DOI={10.1145/1061318.1061320}, 
number={1}, 
journal={ACM Transactions on Database Systems}, 
author={Papadias, Dimitris and Tao, Yufei and Fu, Greg and Seeger, Bernhard}, 
year={2005}, 
pages={41–82}
}

@article{vlachou_doulkeridis_kotidis_norvag_2010, 
title={Reverse top-k queries}, 
DOI={10.1109/icde.2010.5447890}, 
journal={2010 IEEE 26th International Conference on Data Engineering (ICDE 2010)}, 
author={Vlachou, Akrivi and Doulkeridis, Christos and Kotidis, Yannis and Norvag, Kjetil}, 
year={2010}
}

@article{vlachou_doulkeridis_kotidis_norvag_2011, 
title={Monochromatic and Bichromatic Reverse Top-k Queries}, 
volume={23}, 
DOI={10.1109/tkde.2011.50}, 
number={8}, 
journal={IEEE Transactions on Knowledge and Data Engineering}, 
author={Vlachou, Akrivi and Doulkeridis, Christos and Kotidis, Yannis and Norvag, Kjetil}, 
year={2011}, 
pages={1215–1229}
}

@ARTICLE{6268270, 
 author={Z. {He} and E. {Lo}},  
 journal={IEEE Transactions on Knowledge and Data Engineering},   
 title={Answering Why-Not Questions on Top-K Queries},   
year={2014},  
volume={26},  
number={6},  
pages={1300-1315},
}

@article{gao_liu_chen_zheng_zhou_2015, 
title={Answering why-not questions on reverse top- k queries}, 
volume={8}, 
DOI={10.14778/2752939.2752943}, 
number={7}, 
journal={Proceedings of the VLDB Endowment}, 
author={Gao, Yunjun and Liu, Qing and Chen, Gang and Zheng, Baihua and Zhou, Linlin}, 
year={2015},
 pages={738–749}
 }

@article{mouratidis_zhang_pang_2015, 
title={Maximum rank query}, 
volume={8}, 
DOI={10.14778/2824032.2824053}, 
number={12}, 
journal={Proceedings of the VLDB Endowment}, 
author={Mouratidis, Kyriakos and Zhang, Jilian and Pang, Hweehwa}, 
year={2015}, 
pages={1554–1565}
}

@article{answer_topk,
author = {Das, Gautam and Gunopulos, Dimitrios and Koudas, Nick and Tsirogiannis, Dimitris},
year = {2006},
month = {01},
pages = {451-462},
title = {Answering Top-k Queries Using Views.},
journal = {VLDB 2006 - Proceedings of the 32nd International Conference on Very Large Data Bases}
}

@article{prefer,
author = {Hristidis, Vagelis and Koudas, Nick and Papakonstantinou, Yannis},
year = {2001},
month = {04},
pages = {259-270},
title = {PREFER: A System for the Efficient Execution of Multi-parametric Ranked Queries.},
volume = {30},
journal = {SIGMOD Record (ACM Special Interest Group on Management of Data)},
doi = {10.1145/375663.375690}
}

@article{towards_robust,
author = {Xin, Dong and Chen, Fen and Han, Jiawei},
year = {2006},
month = {09},
pages = {235-246},
title = {Towards Robust Indexing for Ranked Queries.},
journal = {VLDB 2006 - Proceedings of the 32nd International Conference on Very Large Data Bases}
}

@article{Efficient_Progeressive,
author = {Tan, Kian-Lee and Eng, Pin-Kwang and Ooi, Beng},
year = {2001},
month = {01},
pages = {301-310},
title = {Efficient Progressive Skyline Computation.}
}

@article{tang_mouratidis_yiu_chen_2019, 
title={Creating top ranking options in the continuous option and preference space}, 
volume={12}, 
DOI={10.14778/3339490.3339500}, 
number={10}, 
journal={Proceedings of the VLDB Endowment}, 
author={Tang, Bo and Mouratidis, Kyriakos and Yiu, Man Lung and Chen, Zhenyu}, 
year={2019}, 
month={Jan}, 
ages={1181–1194}
}

@article{tang_mouratidis_yiu_2017, 
title={Determining the Impact Regions of Competing Options in Preference Space}, 
DOI={10.1145/3035918.3064044}, 
journal={Proceedings of the 2017 ACM International Conference on Management of Data - SIGMOD 17},
 author={Tang, Bo and Mouratidis, Kyriakos and Yiu, Man Lung},
  year={2017}
  }


@article{peng_wong_2015, 
title={k-Hit Query}, 
DOI={10.1145/2723372.2723735}, 
journal={Proceedings of the 2015 ACM SIGMOD International Conference on Management of Data - SIGMOD 15}, 
author={Peng, Peng and Wong, Raymong Chi-Wing}, 
year={2015}
}

@ARTICLE{996017, 
 author={K. {Deb} and A. {Pratap} and S. {Agarwal} and T. {Meyarivan}},  
 journal={IEEE Transactions on Evolutionary Computation},   
 title={A fast and elitist multiobjective genetic algorithm: NSGA-II},   
 year={2002},  
 volume={6},  
 number={2},  
 pages={182-197},
 }


